<record><leader>00000cas a2200000 a 4500</leader><controlfield tag="001">12378287</controlfield><controlfield tag="008">850813d18821885ksuwr ne      0    0eng d</controlfield><datafield ind1=" " ind2=" " tag="010"><subfield code="a">sn 85031756 </subfield></datafield><datafield ind1=" " ind2=" " tag="040"><subfield code="a">KSH</subfield><subfield code="b">eng</subfield><subfield code="c">KSH</subfield><subfield code="d">NPT</subfield><subfield code="d">OCL</subfield><subfield code="d">OCLCQ</subfield></datafield><datafield ind1=" " ind2=" " tag="042"><subfield code="a">msc</subfield></datafield><datafield ind1="0" ind2="0" tag="245"><subfield code="a">Westmoreland weekly period.</subfield></datafield><datafield ind1=" " ind2=" " tag="260"><subfield code="a">Westmoreland, Kan. :</subfield><subfield code="b">J. Whims, W.S. Anderson,</subfield><subfield code="c">1882-1885.</subfield></datafield><datafield ind1=" " ind2=" " tag="300"><subfield code="a">3 v. ;</subfield><subfield code="c">49 cm.</subfield></datafield><datafield ind1=" " ind2=" " tag="310"><subfield code="a">Weekly</subfield></datafield><datafield ind1="0" ind2=" " tag="362"><subfield code="a">Vol. 1, no. 12 (Dec. 20, 1882)-v. 3, no. 42 (July 15, 1885).</subfield></datafield><datafield ind1=" " ind2=" " tag="500"><subfield code="a">Published by J. Whims &amp; J.C. Stanley, Oct. 2, 1884-July 15, 1885.</subfield></datafield><datafield ind1=" " ind2=" " tag="752"><subfield code="a">United States</subfield><subfield code="b">Kansas</subfield><subfield code="c">Pottawatomie</subfield><subfield code="d">Westmoreland.</subfield></datafield><datafield ind1="0" ind2="0" tag="780"><subfield code="t">Weekly period</subfield><subfield code="w">(DLC)sn 85031755</subfield></datafield><datafield ind1="0" ind2="4" tag="785"><subfield code="t">Westmoreland recorder (Westmoreland, Kan. : 1885)</subfield><subfield code="w">(DLC)sn 85031757</subfield></datafield></record>